@book{ldesc2e,
  author = 	 {Tom'as Bautista and Tobias Oetiker and Hubert Partl and Irene Hyna and Elisabeth Schlegl},
  title = 	 {Una Descripción de \LaTeXe},
  publisher = 	 {Versión electrónica},
  year = 	 1998
}

@book{notsoshort,
  author =	 {Tobias Oetiker and Hubert Partl and Irene Hyna and Elisabeth Schlegl},
  title = 	 {The Not So Short Introduction to \LaTeXe},
  publisher = 	 {Versión electrónica},
  year = 	 1996
}

@book{latexAPrimer,
  editor =	 {E. Krishnan},
  title = 	 {\LaTeX\ Tutorials. A primer},
  publisher = 	 {Indian \TeX\ Users Group},
  year = 	 2003
}

@book{latexCompanion,
  author =	 {Frank Mittelbach and Michel Goossens and Johannes Braams and David Carlisle and Chris Rowley},
  title = 	 {The \LaTeX\ Companion},
  publisher = 	 {Addison-Wesley Professional},
  year = 	 2004,
  edition =	 {segunda}
}

@Book{LaTeXLamport,
  author =	 {Leslie Lamport},
  title = 	 {\LaTeX: A Document Preparation System, 2nd Edition},
  publisher = 	 {Addison-Wesley Professional},
  year = 	 1994
}

@Book{texKnuth,
  author =	 {Donald E. Knuth},
  title = 	 {The \TeX\ book},
  publisher = 	 {Addison-Wesley Professional.},
  year = 	 1986
}

@Book{texImpatient,
  author =	 {Paul W. Abrahams},
  title = 	 {\TeX\ for the Impatient},
  publisher = 	 {Addison Wesley Publishing Company},
  year = 	 1990
}

@Book{texByTopic,
  author =	 {Victor Eijkhout},
  title = 	 {\TeX\ by Topic, a \TeX nician's Reference},
  publisher = 	 {Addison-Wesley},
  year = 	 1991
}

@Article{LatexAndSVN,
  author = 	 {Mark Eli Kalderon},
  title = 	 {{\LaTeX} and {S}ubversion},
  journal = 	 {The Prac\TeX\ Journal},
  volume = 2007,
  year = 	 2007,
  number =	 3
}

@Article{PaquetesSVNLatex,
  author = 	 {Uwe Ziegenhagen},
  title = 	 {{\LaTeX} Document Management with {S}ubversion},
  journal = 	 {The Prac\TeX\ Journal},
  volume = 2007,
  year = 	 2007,
  number =	 3
}


@Article{SVNmulti,
  author = 	 {Martin Scharrer},
  title = 	 {Version Control of {\LaTeX} Documents with svn-multi},
  journal = 	 {The Prac\TeX\ Journal},
  year = 	 2007,
  volume = 2007,
  number =	 3
}

@Article{BibTeXPracTex,
  author = 	 {J\"urgen Fenn},
  title = 	 {Managing Citations and Your Bibliography with {BibTeX}},
  journal = 	 {The Prac\TeX\ Journal},
  year = 	 2006,
  volume = 2006,
  number =	 4
}

@Book{AtazLopez,
  author = {Joaquín Ataz López},
  title =	 {Gu{\'{i}}a \emph{casi} completa de {BibTeX}},
  publisher = 	 {Versión electrónica},
  year = 	 {2006},
  webpage = {ftp://ftp.ctan.org/tex-archive/info/spanish/guia-bibtex/guia-bibtex.pdf},
  lastaccess = {Octubre, 2009},
}

@article{BibTexOriginal,
  author =	 {Oren Patashnik},
  title =	 {{BibTeX}ing},
  month =	 feb,
  year =	 1988,
  webpage = {ftp://ftp.ctan.org/tex-archive/biblio/bibtex/contrib/doc/btxdoc.pdf},
  lastaccess = {Octubre, 2009},
}

@Article{patashnik1988a,
  author =	 {Oren Patashnik},
  title =	 {Designing {BibTeX} Styles},
  month =	 feb,
  year =	 1988,
  webpage = {ftp://ftp.ctan.org/tex-archive/biblio/bibtex/contrib/doc/btxhak.pdf},
  lastaccess = {Octubre, 2009},
}
@Book{Flynn05,
  author =	 {Peter Flynn},
  title = 	 {A beginner's introduction to typesetting with \LaTeX},
  publisher = 	 {The Comprehensive TeX Archive Network},
  year = 	 2005
}

@Book{AtazLopezEmacs,
  author = {Joaquín Ataz López},
  title =	 {Creación de ficheros \LaTeX\ con {GNU} Emacs},
  publisher = 	 {Versión electrónica},
  year = 	 {2004},
  webpage = {http://ctan.org/get/info/spanish/guia-atx/guia-atx.pdf},
  lastaccess = {Octubre, 2009},
}
@Article{Build_a_Bad_Guy_Workshop,
  author =	 {Oren Patashnik},
  title =	 {Build a Bad Guy Workshop},
  month =	 April,
  year =	 2014,
  webpage = {https://www.gamedeveloper.com/design/build-a-bad-guy-workshop---designing-enemies-for-retro-games},
  lastaccess = {January, 2025},
}
@Article{Enemigos_formidables,
  author =	 {Oren Patashnik},
  title =	 {How to design formidable and unforgettable video game enemies},
  month =	 April,
  year =	 2014,
  webpage = {https://michelsabbagh.wordpress.com/2015/10/21/how-to-design-formidable-and-unforgettable-video-game-enemies/},
  lastaccess = {January, 2025},
}

@Article{GOAP_Jeff_Orkin,
  author =	 {Jeff Orkin},
  title =	 {Applying Goal-Oriented Action Planning to Games },
  year =	 2004,
  webpage = {https://web.archive.org/web/20230912173044/https://alumni.media.mit.edu/~jorkin/GOAP_draft_AIWisdom2_2003.pdf},
  lastaccess = {January, 2025},
}
@Article{FSM_Article,
author = {Jagdale Devang},
year = {2021},
month = {10},
pages = {384-390},
title = {Finite State Machine in Game Development},
doi = {10.48175/IJARSCT-2062},
lastaccess = {January, 2025},
}
@PhdThesis{Bakkes2010,
  author    = {Sander Bakkes},
  title     = {Rapid adaptation of video game AI},
  school    = {Tilburg University},
  address   = {Países Bajos},
  year      = {2010},
  webpage   = {https://pure.uvt.nl/ws/portalfiles/portal/1191720/Sander_Bakkes_-_PhD_Thesis_Camera_Ready_Copy.pdf},
  lastaccess= {January, 2025}
}

@Article{Hope2014,
  author    = {Andy Hope},
  title     = {The perfect organism: The AI of Alien: Isolation},
  year      = {2014},
  webpage   = {https://www.gamedeveloper.com/design/the-perfect-organism-the-ai-of-alien-isolation},
  lastaccess= {January, 2025}
}
@Book{YannakakisTogelius2018,
  author    = {Georgios N. Yannakakis and Julian Togelius},
  title     = {Artificial Intelligence and Games},
  year      = {2018},
  publisher = {Springer},
  isbn      = {978-3-319-63518-7},
  webpage   = {https://doi.org/10.1007/978-3-319-63519-4},
  lastaccess= {January, 2025}
}
@Article{Gopalakrishnan2021,
  author =	 {K. Gopalakrishnan and R. Pradeep},
  title =	 {Finite State Machine in Game Development },
  year =	 2021,
  webpage = {https://www.ijarsct.co.in/Paper2062.pdf},
  lastaccess = {January, 2025},
}
@Book{MillingtonFunge2016,
  author    = {Ian Millington and John Funge},
  title   = {Artificial Intelligence for Games},
  webpage = {https://theswissbay.ch/pdf/Gentoomen%20Library/Game%20Development/Programming/Artificial%20Intelligence%20for%20Games.pdf
},
lastaccess= {January, 2025}
}
@Misc{bioshock,
  title        = {BioShock},
  author       = {{Wikipedia contributors}},
  howpublished = {\url{https://es.wikipedia.org/wiki/BioShock}},
  lastaccess = {January, 2025},
}

@Misc{halo2,
  title        = {GDC 2005 Proceeding: Handling Complexity in the \textit{Halo 2} AI},
  author       = {Gamasutra},
  year         =  2005,
  webpage = {https://www.gamedeveloper.com/programming/gdc-2005-proceeding-handling-complexity-in-the-i-halo-2-i-ai},
  lastaccess = {January, 2025},
}

@Misc{spore,
  title        = {Spore},
  author       = {Electronic Arts},
  year         = {n.d.},
  webpage = {https://www.ea.com/es-es/games/spore},
  lastaccess = {January, 2025},
}
